@article{NODE07621022,
author={박선용},
title={{실진법에서 19세기 초의 극한법으로의 전환에 대한 연구}},
booltitle={{수학교육학연구 제29권 제1호}},
journal={{수학교육학연구}},
volume={{29}},
issue={{1}},
publisher={대한수학교육학회},
year={2019},
ISSN={{2288-7733}},
abstract={{이 연구에서는 실진법과 관련하여 19세기 초에 극한법이 어떻게 정련되었는지에 대해 탐색하고자 하였다. 이를 위해, 실진법의 발생배경에 대해 살펴보고 이것을 19세기 초 수학계의 상황과 비교하였다. 그리고 두 시대적 상황의 유사성에 기초하여, 코시가 어떻게 해석학을 체계화할 수 있었고 극한법을 정련시킬 수 있었는지에 대해 논의하였다. 이 연구의 결과는, 코시가 실진법에 대한 분석을 통해 ‘수열이 어떤 값에 한없이 가까이 간다.’ 는 것에 대한 판단기준을 통찰해냄으로써 극한법을 정련시킬 수 있었음을 보여준다. 그리고 이 결과는 수학교사 교육에 있어 발생적 원리에 따른 극한법의 도입이 필요함을 시사한다.}},
pages={1-15},
url={http://www.dbpia.co.kr/journal/articleDetail?nodeId=NODE07621022}}

@book{hollingdale2006makers,
  title={Makers of mathematics},
  author={Hollingdale, Stuart},
  year={2006},
  publisher={Courier Corporation}
}

@misc{mock2020building,
  author = {Mock, Thomas},
  title = {The Mockup Blog: Building a blog with distill},
  url = {https://themockup.blog/posts/2020-08-01-building-a-blog-with-distill/},
  year = {2020}
}

@misc{alison2020blog,
  author = {Hill, Alison},
  title = {M-F-E-O: postcards + distill},
  url = {https://alison.rbind.io/post/2020-12-22-postcards-distill/},
  year = {2020}
}


@article{wing2006computational,
  title={Computational thinking},
  author={Wing, Jeannette M},
  journal={Communications of the ACM},
  volume={49},
  number={3},
  pages={33--35},
  year={2006},
  publisher={ACM New York, NY, USA}
}

@article{cummings2014man,
  title={Man versus machine or man+ machine?},
  author={Cummings, Mary Missy},
  journal={IEEE Intelligent Systems},
  volume={29},
  number={5},
  pages={62--69},
  year={2014},
  publisher={IEEE}
}

@article{mishel2015wage,
  title={Wage stagnation in nine charts},
  author={Mishel, Lawrence and Gould, Elise and Bivens, Josh},
  journal={Economic Policy Institute},
  volume={6},
  pages={2--13},
  year={2015}
}

@dataset{captcha_dataset,
author = {Wilhelmy, Rodrigo and Rosas, Horacio},
year = {2013},
month = {07},
pages = {},
title = {captcha dataset}
}

@book{kaplan2015humans,
  title={Humans need not apply: A guide to wealth and work in the age of artificial intelligence},
  author={Kaplan, Jerry},
  year={2015},
  publisher={Yale University Press}
}

@article{kpmg2020,
  title={기업 운영 혁신을 위한 데이터 과학: 기업의 활용 방안},
  author={김기범;이효정;박도휘},
  journal={삼정KPMG 경제연구원},
  volume={제121호},
  year={2020}
}

@article{economist2017world,
  title={The world’s most valuable resource is no longer oil, but data},
  author={Economist, The},
  journal={The Economist: New York, NY, USA},
  year={2017}
}

@article{collins2015api,
  title={API economy: From systems to business services.},
  author={Collins, G and Sisk, D},
  journal={TechTrends},
  year={2015}
}

@inproceedings{puschmann2001enterprise,
  title={Enterprise application integration-the case of the Robert Bosch Group},
  author={Puschmann, Thomas and Alt, Rainer},
  booktitle={Proceedings of the 34th Annual Hawaii International Conference on System Sciences},
  pages={10--pp},
  year={2001},
  organization={IEEE}
}

@article{poikola2015mydata,
  title={Mydata a nordic model for human-centered personal data management and processing},
  author={Poikola, Antti and Kuikkaniemi, Kai and Honko, Harri},
  journal={Finnish Ministry of Transport and Communications},
  year={2015}
}

@article{lohr2014big,
  title={For big-data scientists,‘janitor work’is key hurdle to insights},
  author={Lohr, Steve},
  journal={New York Times},
  volume={17},
  pages={B4},
  year={2014}
}

@article{davenport2012data,
  title={Data scientist},
  author={Davenport, Thomas H and Patil, DJ},
  journal={Harvard business review},
  volume={90},
  number={5},
  pages={70--76},
  year={2012}
}

@article{cohen2017emnist,
  title={EMNIST: an extension of MNIST to handwritten letters},
  author={Cohen, Gregory and Afshar, Saeed and Tapson, Jonathan and van Schaik, Andr{\'e}},
  journal={arXiv preprint arXiv:1702.05373},
  year={2017}
}

@inproceedings{krizhevsky2012imagenet,
  title={Imagenet classification with deep convolutional neural networks},
  author={Krizhevsky, Alex and Sutskever, Ilya and Hinton, Geoffrey E},
  booktitle={Advances in neural information processing systems},
  pages={1097--1105},
  year={2012}
}

@article{DBLP:journals/corr/Torres-SalinasRCL13,
  author    = {Daniel Torres{-}Salinas and
               Nicol{\'{a}}s Robinson{-}Garc{\'{\i}}a and
               Juan Miguel Campanario and
               Emilio Delgado L{\'{o}}pez{-}C{\'{o}}zar},
  title     = {Coverage, field specialization and impact of scientific publishers
               indexed in the 'Book Citation Index'},
  journal   = {CoRR},
  volume    = {abs/1312.2791},
  year      = {2013},
  url       = {http://arxiv.org/abs/1312.2791},
  archivePrefix = {arXiv},
  eprint    = {1312.2791},
  timestamp = {Tue, 12 Nov 2019 16:32:33 +0100},
  biburl    = {https://dblp.org/rec/journals/corr/Torres-SalinasRCL13.bib},
  bibsource = {dblp computer science bibliography, https://dblp.org}
}

# Smart Office ---------------------------------------------------------

@article{attaran2019need,
  title={The need for digital workplace: increasing workforce productivity in the information age},
  author={Attaran, Mohsen and Attaran, Sharmin and Kirkland, Diane},
  journal={International Journal of Enterprise Information Systems (IJEIS)},
  volume={15},
  number={1},
  pages={1--23},
  year={2019},
  publisher={IGI Global}
}

@article{papagiannidis2020smart,
  title={Smart offices: A productivity and well-being perspective},
  author={Papagiannidis, Savvas and Marikyan, Davit},
  journal={International Journal of Information Management},
  volume={51},
  pages={102027},
  year={2020},
  publisher={Elsevier}
}

@incollection{attaran2020technology,
  title={Technology and organizational change: harnessing the power of digital workplace},
  author={Attaran, Mohsen and Attaran, Sharmin and Kirkland, Diane},
  booktitle={Handbook of Research on Social and Organizational Dynamics in the Digital Era},
  pages={383--408},
  year={2020},
  publisher={IGI Global}
}


@article{doi:10.1080/08276331.2018.1466850,
  author = {Mohsen Attaran and Jeremy Woods},
  title = {Cloud computing technology: improving small business performance using the Internet},
  journal = {Journal of Small Business \& Entrepreneurship},
  volume = {31},
  number = {6},
  pages = {495-519},
  year  = {2019},
  publisher = {Routledge},
  doi = {10.1080/08276331.2018.1466850},
  URL = {https://doi.org/10.1080/08276331.2018.1466850},
  eprint = {https://doi.org/10.1080/08276331.2018.1466850}
}

@article{Wickham2019,
  doi = {10.21105/joss.01686},
  url = {https://doi.org/10.21105/joss.01686},
  year = {2019},
  publisher = {The Open Journal},
  volume = {4},
  number = {43},
  pages = {1686},
  author = {Hadley Wickham and Mara Averick and Jennifer Bryan and Winston Chang and Lucy D'Agostino McGowan and Romain François and Garrett Grolemund and Alex Hayes and Lionel Henry and Jim Hester and Max Kuhn and Thomas Lin Pedersen and Evan Miller and Stephan Milton Bache and Kirill Müller and Jeroen Ooms and David Robinson and Dana Paige Seidel and Vitalie Spinu and Kohske Takahashi and Davis Vaughan and Claus Wilke and Kara Woo and Hiroaki Yutani},
  title = {Welcome to the Tidyverse},
  journal = {Journal of Open Source Software}
}
